A20000855470019       TESTETESTETESTETESTE341BANCO ITAU S.A.     2017040500000104CODIGO DE BARRAS                                                     
G3419999000000099999920170404201704058163000000241850299000000000010022203170100000000002418500001400000000109332   2001 093300001040417C   1         
G3419999000000099999920170404201704058168000000092870299000000000010000093170300000000000928700001400000000209332   2002 093300001040417C   1         
Z00000400000000000033472                                                                                                                              
